<?xml version="1.0" encoding="UTF-8"?><collection xmlns="http://www.loc.gov/MARC21/slim"><record><leader>00327nam--2200133-i-4500</leader><controlfield tag="001">000033485</controlfield><controlfield tag="002">20161230</controlfield><controlfield tag="005">20161230201039</controlfield><controlfield tag="008">060222s1000------------r-----000-0-eng-d</controlfield><datafield ind1=" " ind2=" " tag="080"><subfield code="a">621.375.826</subfield></datafield><datafield ind1=" " ind2=" " tag="100"><subfield code="a">Marshall, Thomas C</subfield></datafield><datafield ind1=" " ind2=" " tag="245"><subfield code="a">Free-electron lasers</subfield></datafield><datafield ind1=" " ind2=" " tag="260"><subfield code="a">London, Macmillan Publ. Co., 1985. 191p</subfield></datafield><datafield ind1=" " ind2=" " tag="852"><subfield code="a">78676</subfield></datafield></record></collection>